[gd_scene load_steps=31 format=2]

[ext_resource path="res://sprites/sky.png" type="Texture" id=1]
[ext_resource path="res://characters/players/Player.tscn" type="PackedScene" id=2]
[ext_resource path="res://sprites/floor.png" type="Texture" id=3]
[ext_resource path="res://env/ObstacleSpawner.gd" type="Script" id=4]
[ext_resource path="res://sprites/score_panel.png" type="Texture" id=5]
[ext_resource path="res://fonts/score_font.tres" type="DynamicFont" id=6]
[ext_resource path="res://main.gd" type="Script" id=7]
[ext_resource path="res://sprites/restart_button.png" type="Texture" id=8]
[ext_resource path="res://sprites/restart_button_pressed.png" type="Texture" id=9]
[ext_resource path="res://sprites/forest01.png" type="Texture" id=10]
[ext_resource path="res://sprites/forest02.png" type="Texture" id=11]
[ext_resource path="res://sprites/city.png" type="Texture" id=12]
[ext_resource path="res://sprites/clowds.png" type="Texture" id=13]
[ext_resource path="res://sprites/w.png" type="Texture" id=14]

[sub_resource type="Animation" id=17]
length = 0.001
tracks/0/type = "value"
tracks/0/path = NodePath(".:position")
tracks/0/interp = 1
tracks/0/loop_wrap = true
tracks/0/imported = false
tracks/0/enabled = true
tracks/0/keys = {
"times": PoolRealArray( 0 ),
"transitions": PoolRealArray( 1 ),
"update": 0,
"values": [ Vector2( -512, 304 ) ]
}

[sub_resource type="Animation" id=18]
resource_name = "scroll"
length = 3.0
loop = true
tracks/0/type = "value"
tracks/0/path = NodePath(".:position")
tracks/0/interp = 1
tracks/0/loop_wrap = true
tracks/0/imported = false
tracks/0/enabled = true
tracks/0/keys = {
"times": PoolRealArray( 0, 3 ),
"transitions": PoolRealArray( 1, 1 ),
"update": 0,
"values": [ Vector2( 0, 304 ), Vector2( -512, 304 ) ]
}

[sub_resource type="Animation" id=15]
length = 0.001
tracks/0/type = "value"
tracks/0/path = NodePath(".:position")
tracks/0/interp = 1
tracks/0/loop_wrap = true
tracks/0/imported = false
tracks/0/enabled = true
tracks/0/keys = {
"times": PoolRealArray( 0 ),
"transitions": PoolRealArray( 1 ),
"update": 0,
"values": [ Vector2( -512, 400 ) ]
}

[sub_resource type="Animation" id=16]
resource_name = "Scroll"
length = 6.0
loop = true
tracks/0/type = "value"
tracks/0/path = NodePath(".:position")
tracks/0/interp = 1
tracks/0/loop_wrap = true
tracks/0/imported = false
tracks/0/enabled = true
tracks/0/keys = {
"times": PoolRealArray( 0, 6 ),
"transitions": PoolRealArray( 1, 1 ),
"update": 0,
"values": [ Vector2( 0, 400 ), Vector2( -1024, 400 ) ]
}

[sub_resource type="Animation" id=21]
length = 0.001
tracks/0/type = "value"
tracks/0/path = NodePath("ForestSprite1:position")
tracks/0/interp = 1
tracks/0/loop_wrap = true
tracks/0/imported = false
tracks/0/enabled = true
tracks/0/keys = {
"times": PoolRealArray( 0 ),
"transitions": PoolRealArray( 1 ),
"update": 0,
"values": [ Vector2( 0, 0 ) ]
}

[sub_resource type="Animation" id=22]
resource_name = "scroll"
length = 3.0
loop = true
tracks/0/type = "value"
tracks/0/path = NodePath("ForestSprite1:position")
tracks/0/interp = 1
tracks/0/loop_wrap = true
tracks/0/imported = false
tracks/0/enabled = true
tracks/0/keys = {
"times": PoolRealArray( 0, 3 ),
"transitions": PoolRealArray( 1, 1 ),
"update": 0,
"values": [ Vector2( 0, 0 ), Vector2( -512, 0 ) ]
}

[sub_resource type="Animation" id=20]
length = 0.001
tracks/0/type = "value"
tracks/0/path = NodePath("ForestSprite1:position")
tracks/0/interp = 1
tracks/0/loop_wrap = true
tracks/0/imported = false
tracks/0/enabled = true
tracks/0/keys = {
"times": PoolRealArray( 0 ),
"transitions": PoolRealArray( 1 ),
"update": 0,
"values": [ Vector2( 0, 0 ) ]
}

[sub_resource type="Animation" id=19]
resource_name = "scroll"
length = 3.0
loop = true
tracks/0/type = "value"
tracks/0/path = NodePath("ForestSprite1:position")
tracks/0/interp = 1
tracks/0/loop_wrap = true
tracks/0/imported = false
tracks/0/enabled = true
tracks/0/keys = {
"times": PoolRealArray( 0, 3 ),
"transitions": PoolRealArray( 1, 1 ),
"update": 0,
"values": [ Vector2( 0, 0 ), Vector2( -512, 0 ) ]
}

[sub_resource type="TileSet" id=2]
0/name = "floor.png 0"
0/texture = ExtResource( 3 )
0/tex_offset = Vector2( 0, 0 )
0/modulate = Color( 1, 1, 1, 1 )
0/region = Rect2( 0, 0, 128, 128 )
0/tile_mode = 0
0/occluder_offset = Vector2( 0, 0 )
0/navigation_offset = Vector2( 0, 0 )
0/shape_offset = Vector2( 0, 0 )
0/shape_transform = Transform2D( 1, 0, 0, 1, 0, 0 )
0/shape_one_way = false
0/shape_one_way_margin = 0.0
0/shapes = [  ]
0/z_index = 0

[sub_resource type="Animation" id=4]
length = 0.001
tracks/0/type = "value"
tracks/0/path = NodePath("Floor:position")
tracks/0/interp = 1
tracks/0/loop_wrap = true
tracks/0/imported = false
tracks/0/enabled = true
tracks/0/keys = {
"times": PoolRealArray( 0 ),
"transitions": PoolRealArray( 1 ),
"update": 0,
"values": [ Vector2( -128, 0 ) ]
}

[sub_resource type="Animation" id=3]
resource_name = "scroll"
loop = true
tracks/0/type = "value"
tracks/0/path = NodePath("Floor:position")
tracks/0/interp = 1
tracks/0/loop_wrap = true
tracks/0/imported = false
tracks/0/enabled = true
tracks/0/keys = {
"times": PoolRealArray( 0, 1 ),
"transitions": PoolRealArray( 1, 1 ),
"update": 0,
"values": [ Vector2( 0, 0 ), Vector2( -128, 0 ) ]
}

[sub_resource type="RectangleShape2D" id=1]
extents = Vector2( 267.5, 64 )

[sub_resource type="DynamicFontData" id=7]
font_path = "res://fonts/SpaceGrotesk-Bold.otf"

[sub_resource type="DynamicFont" id=10]
size = 54
extra_spacing_top = 9
font_data = SubResource( 7 )

[sub_resource type="Animation" id=8]
resource_name = "GO"
length = 1.5
step = 0.05
tracks/0/type = "value"
tracks/0/path = NodePath("ColorRect:modulate")
tracks/0/interp = 1
tracks/0/loop_wrap = true
tracks/0/imported = false
tracks/0/enabled = true
tracks/0/keys = {
"times": PoolRealArray( 0.05 ),
"transitions": PoolRealArray( 1 ),
"update": 0,
"values": [ Color( 1, 1, 1, 1 ) ]
}
tracks/1/type = "value"
tracks/1/path = NodePath("ColorRect:color")
tracks/1/interp = 1
tracks/1/loop_wrap = true
tracks/1/imported = false
tracks/1/enabled = true
tracks/1/keys = {
"times": PoolRealArray( 0, 0.05, 0.5 ),
"transitions": PoolRealArray( 1, 1, 1 ),
"update": 0,
"values": [ Color( 1, 1, 1, 0.188235 ), Color( 1, 1, 1, 1 ), Color( 1, 1, 1, 0.447059 ) ]
}
tracks/2/type = "value"
tracks/2/path = NodePath("Score:visible")
tracks/2/interp = 1
tracks/2/loop_wrap = true
tracks/2/imported = false
tracks/2/enabled = true
tracks/2/keys = {
"times": PoolRealArray( 0, 0.25 ),
"transitions": PoolRealArray( 1, 1 ),
"update": 1,
"values": [ true, false ]
}
tracks/3/type = "value"
tracks/3/path = NodePath("NinePatchRect:modulate")
tracks/3/interp = 1
tracks/3/loop_wrap = true
tracks/3/imported = false
tracks/3/enabled = true
tracks/3/keys = {
"times": PoolRealArray( 0, 0.4 ),
"transitions": PoolRealArray( 1, 1 ),
"update": 0,
"values": [ Color( 1, 1, 1, 0 ), Color( 1, 1, 1, 1 ) ]
}
tracks/4/type = "value"
tracks/4/path = NodePath("NinePatchRect:visible")
tracks/4/interp = 1
tracks/4/loop_wrap = true
tracks/4/imported = false
tracks/4/enabled = true
tracks/4/keys = {
"times": PoolRealArray( 0, 0.25 ),
"transitions": PoolRealArray( 1, 1 ),
"update": 1,
"values": [ false, true ]
}
tracks/5/type = "value"
tracks/5/path = NodePath("ColorRect:visible")
tracks/5/interp = 1
tracks/5/loop_wrap = true
tracks/5/imported = false
tracks/5/enabled = true
tracks/5/keys = {
"times": PoolRealArray( 0 ),
"transitions": PoolRealArray( 1 ),
"update": 1,
"values": [ true ]
}
tracks/6/type = "value"
tracks/6/path = NodePath("NinePatchRect/ScoreLavel:visible")
tracks/6/interp = 1
tracks/6/loop_wrap = true
tracks/6/imported = false
tracks/6/enabled = true
tracks/6/keys = {
"times": PoolRealArray( 0, 0.6 ),
"transitions": PoolRealArray( 1, 1 ),
"update": 1,
"values": [ false, true ]
}
tracks/7/type = "value"
tracks/7/path = NodePath("NinePatchRect/Score:visible")
tracks/7/interp = 1
tracks/7/loop_wrap = true
tracks/7/imported = false
tracks/7/enabled = true
tracks/7/keys = {
"times": PoolRealArray( 0, 0.95 ),
"transitions": PoolRealArray( 1, 1 ),
"update": 1,
"values": [ false, true ]
}
tracks/8/type = "value"
tracks/8/path = NodePath("RestartButton:visible")
tracks/8/interp = 1
tracks/8/loop_wrap = true
tracks/8/imported = false
tracks/8/enabled = true
tracks/8/keys = {
"times": PoolRealArray( 1.2, 1.25 ),
"transitions": PoolRealArray( 1, 1 ),
"update": 1,
"values": [ false, true ]
}

[sub_resource type="Animation" id=9]
length = 0.001
tracks/0/type = "value"
tracks/0/path = NodePath("ColorRect:modulate")
tracks/0/interp = 1
tracks/0/loop_wrap = true
tracks/0/imported = false
tracks/0/enabled = true
tracks/0/keys = {
"times": PoolRealArray( 0 ),
"transitions": PoolRealArray( 1 ),
"update": 0,
"values": [ Color( 1, 1, 1, 0 ) ]
}
tracks/1/type = "value"
tracks/1/path = NodePath("ColorRect:color")
tracks/1/interp = 1
tracks/1/loop_wrap = true
tracks/1/imported = false
tracks/1/enabled = true
tracks/1/keys = {
"times": PoolRealArray( 0 ),
"transitions": PoolRealArray( 1 ),
"update": 0,
"values": [ Color( 1, 1, 1, 0.447059 ) ]
}
tracks/2/type = "value"
tracks/2/path = NodePath("Score:visible")
tracks/2/interp = 1
tracks/2/loop_wrap = true
tracks/2/imported = false
tracks/2/enabled = true
tracks/2/keys = {
"times": PoolRealArray( 0 ),
"transitions": PoolRealArray( 1 ),
"update": 0,
"values": [ true ]
}
tracks/3/type = "value"
tracks/3/path = NodePath("ColorRect:visible")
tracks/3/interp = 1
tracks/3/loop_wrap = true
tracks/3/imported = false
tracks/3/enabled = true
tracks/3/keys = {
"times": PoolRealArray( 0 ),
"transitions": PoolRealArray( 1 ),
"update": 1,
"values": [ false ]
}
tracks/4/type = "value"
tracks/4/path = NodePath("NinePatchRect:visible")
tracks/4/interp = 1
tracks/4/loop_wrap = true
tracks/4/imported = false
tracks/4/enabled = true
tracks/4/keys = {
"times": PoolRealArray( 0 ),
"transitions": PoolRealArray( 1 ),
"update": 0,
"values": [ false ]
}
tracks/5/type = "value"
tracks/5/path = NodePath("NinePatchRect:modulate")
tracks/5/interp = 1
tracks/5/loop_wrap = true
tracks/5/imported = false
tracks/5/enabled = true
tracks/5/keys = {
"times": PoolRealArray( 0 ),
"transitions": PoolRealArray( 1 ),
"update": 0,
"values": [ Color( 1, 1, 1, 1 ) ]
}
tracks/6/type = "value"
tracks/6/path = NodePath("NinePatchRect/ScoreLavel:visible")
tracks/6/interp = 1
tracks/6/loop_wrap = true
tracks/6/imported = false
tracks/6/enabled = true
tracks/6/keys = {
"times": PoolRealArray( 0 ),
"transitions": PoolRealArray( 1 ),
"update": 0,
"values": [ true ]
}
tracks/7/type = "value"
tracks/7/path = NodePath("NinePatchRect/Score:visible")
tracks/7/interp = 1
tracks/7/loop_wrap = true
tracks/7/imported = false
tracks/7/enabled = true
tracks/7/keys = {
"times": PoolRealArray( 0 ),
"transitions": PoolRealArray( 1 ),
"update": 0,
"values": [ true ]
}
tracks/8/type = "value"
tracks/8/path = NodePath("RestartButton:visible")
tracks/8/interp = 1
tracks/8/loop_wrap = true
tracks/8/imported = false
tracks/8/enabled = true
tracks/8/keys = {
"times": PoolRealArray( 0 ),
"transitions": PoolRealArray( 1 ),
"update": 0,
"values": [ false ]
}

[node name="Main" type="Node2D"]
script = ExtResource( 7 )

[node name="Sky" type="Sprite" parent="."]
scale = Vector2( 7.5, 3.33594 )
texture = ExtResource( 1 )
centered = false

[node name="BackGround" type="Node2D" parent="."]

[node name="Clouds01" type="Sprite" parent="BackGround"]
position = Vector2( -512, 304 )
texture = ExtResource( 13 )
centered = false

[node name="Clouds02" type="Sprite" parent="BackGround/Clouds01"]
position = Vector2( 512, 0 )
texture = ExtResource( 13 )
centered = false

[node name="Sprite" type="Sprite" parent="BackGround/Clouds01"]
position = Vector2( 0, 232 )
scale = Vector2( 18.3667, 1.8 )
texture = ExtResource( 14 )
centered = false

[node name="AnimationPlayer" type="AnimationPlayer" parent="BackGround/Clouds01"]
autoplay = "scroll"
playback_speed = 0.35
anims/RESET = SubResource( 17 )
anims/scroll = SubResource( 18 )

[node name="City01" type="Sprite" parent="BackGround"]
position = Vector2( -512, 400 )
texture = ExtResource( 12 )
centered = false

[node name="City02" type="Sprite" parent="BackGround/City01"]
position = Vector2( 1024, 0 )
texture = ExtResource( 12 )
centered = false

[node name="AnimationPlayer" type="AnimationPlayer" parent="BackGround/City01"]
autoplay = "Scroll"
playback_speed = 0.7
anims/RESET = SubResource( 15 )
anims/Scroll = SubResource( 16 )

[node name="Forest2" type="Node2D" parent="BackGround"]
position = Vector2( 0, 571 )

[node name="ForestSprite1" type="Sprite" parent="BackGround/Forest2"]
texture = ExtResource( 11 )
centered = false
__meta__ = {
"_edit_lock_": true
}

[node name="ForestSprite2" type="Sprite" parent="BackGround/Forest2/ForestSprite1"]
position = Vector2( 512, 0 )
texture = ExtResource( 11 )
centered = false
__meta__ = {
"_edit_lock_": true
}

[node name="AnimationPlayer" type="AnimationPlayer" parent="BackGround/Forest2"]
autoplay = "scroll"
playback_speed = 0.9
anims/RESET = SubResource( 21 )
anims/scroll = SubResource( 22 )

[node name="Forest1" type="Node2D" parent="BackGround"]
position = Vector2( 0, 611 )

[node name="ForestSprite1" type="Sprite" parent="BackGround/Forest1"]
texture = ExtResource( 10 )
centered = false
__meta__ = {
"_edit_lock_": true
}

[node name="ForestSprite2" type="Sprite" parent="BackGround/Forest1/ForestSprite1"]
position = Vector2( 512, 0 )
texture = ExtResource( 10 )
centered = false
__meta__ = {
"_edit_lock_": true
}

[node name="AnimationPlayer" type="AnimationPlayer" parent="BackGround/Forest1"]
autoplay = "scroll"
anims/RESET = SubResource( 20 )
anims/scroll = SubResource( 19 )

[node name="ObstacleSpawner" type="Node2D" parent="."]
position = Vector2( 664, 0 )
script = ExtResource( 4 )

[node name="Timer" type="Timer" parent="ObstacleSpawner"]
wait_time = 1.5

[node name="Ground" type="StaticBody2D" parent="."]
position = Vector2( 0, 730 )

[node name="Floor" type="TileMap" parent="Ground"]
position = Vector2( -128, 0 )
tile_set = SubResource( 2 )
cell_size = Vector2( 128, 128 )
format = 1
tile_data = PoolIntArray( 0, 0, 0, 1, 0, 0, 2, 0, 0, 3, 0, 0, 4, 0, 0, 5, 0, 0, 6, 0, 0 )

[node name="AnimationPlayer" type="AnimationPlayer" parent="Ground"]
autoplay = "scroll"
playback_speed = 1.8
anims/RESET = SubResource( 4 )
anims/scroll = SubResource( 3 )

[node name="CollisionShape2D2" type="CollisionShape2D" parent="Ground"]
position = Vector2( 244.5, 64 )
shape = SubResource( 1 )

[node name="DZone" type="Area2D" parent="Ground"]

[node name="CollisionShape2D" type="CollisionShape2D" parent="Ground/DZone"]
visible = false
position = Vector2( 244, 63 )
shape = SubResource( 1 )

[node name="Player" parent="." instance=ExtResource( 2 )]
position = Vector2( 115, 427 )

[node name="HUD" type="CanvasLayer" parent="."]

[node name="Score" type="Label" parent="HUD"]
anchor_right = 1.0
margin_bottom = 106.0
custom_colors/font_color_shadow = Color( 0, 0, 0, 1 )
custom_constants/shadow_as_outline = 1
custom_fonts/font = ExtResource( 6 )
text = "0"
align = 1
valign = 1

[node name="ColorRect" type="ColorRect" parent="HUD"]
visible = false
modulate = Color( 1, 1, 1, 0 )
anchor_right = 1.0
anchor_bottom = 1.0
color = Color( 1, 1, 1, 0.447059 )

[node name="NinePatchRect" type="NinePatchRect" parent="HUD"]
visible = false
anchor_left = 0.5
anchor_top = 0.5
anchor_right = 0.5
anchor_bottom = 0.5
margin_left = -185.0
margin_top = -143.0
margin_right = 185.0
margin_bottom = 57.0
texture = ExtResource( 5 )
patch_margin_left = 34
patch_margin_top = 47
patch_margin_right = 34
patch_margin_bottom = 41

[node name="ScoreLavel" type="Label" parent="HUD/NinePatchRect"]
anchor_top = 0.5
anchor_right = 1.0
anchor_bottom = 0.5
margin_top = -92.0
margin_bottom = -13.0
custom_colors/font_color = Color( 0.105882, 0.305882, 0.2, 1 )
custom_colors/font_color_shadow = Color( 1, 1, 1, 1 )
custom_constants/shadow_as_outline = 1
custom_fonts/font = SubResource( 10 )
text = " score:"
align = 1
valign = 1

[node name="Score" type="Label" parent="HUD/NinePatchRect"]
anchor_top = 0.5
anchor_right = 1.0
anchor_bottom = 0.5
margin_top = -29.0
margin_right = 2.0
margin_bottom = 75.0
custom_colors/font_color_shadow = Color( 0, 0, 0, 1 )
custom_constants/shadow_as_outline = 1
custom_fonts/font = ExtResource( 6 )
text = "0"
align = 1
valign = 1

[node name="GameOverAnimation" type="AnimationPlayer" parent="HUD"]
anims/GO = SubResource( 8 )
anims/RESET = SubResource( 9 )

[node name="RestartButton" type="TextureButton" parent="HUD"]
visible = false
anchor_left = 0.5
anchor_top = 0.5
anchor_right = 0.5
anchor_bottom = 0.5
margin_left = -150.0
margin_top = 57.0
margin_right = 150.0
margin_bottom = 183.0
texture_normal = ExtResource( 8 )
texture_pressed = ExtResource( 9 )
expand = true
stretch_mode = 5

[connection signal="timeout" from="ObstacleSpawner/Timer" to="ObstacleSpawner" method="_on_Timer_timeout"]
[connection signal="body_entered" from="Ground/DZone" to="." method="_on_DZone_body_entered"]
[connection signal="pressed" from="HUD/RestartButton" to="." method="_on_RestartButton_pressed"]
